<record><leader>00000cas a2200000 a 4500</leader><controlfield tag="001">12948149</controlfield><controlfield tag="008">851221d18821933iaudn ne      0    0eng c</controlfield><datafield ind1=" " ind2=" " tag="010"><subfield code="a">sn 85049903 </subfield></datafield><datafield ind1=" " ind2=" " tag="040"><subfield code="a">INP</subfield><subfield code="b">eng</subfield><subfield code="c">INP</subfield><subfield code="d">MGN</subfield><subfield code="d">NVF</subfield><subfield code="d">CVF</subfield><subfield code="d">OCLCQ</subfield><subfield code="d">OCLCF</subfield><subfield code="d">OCLCO</subfield></datafield><datafield ind1="1" ind2=" " tag="029"><subfield code="a">AU@</subfield><subfield code="b">000022103338</subfield></datafield><datafield ind1=" " ind2=" " tag="042"><subfield code="a">pcc</subfield></datafield><datafield ind1=" " ind2=" " tag="043"><subfield code="a">n-us-ia</subfield></datafield><datafield ind1="0" ind2=" " tag="130"><subfield code="a">Burlington hawk-eye (Burlington, Iowa : 1882)</subfield></datafield><datafield ind1="1" ind2="4" tag="245"><subfield code="a">The Burlington hawk-eye.</subfield></datafield><datafield ind1="1" ind2="7" tag="246"><subfield code="a">Daily hawk-eye</subfield></datafield><datafield ind1="1" ind2="3" tag="246"><subfield code="a">Hawk-eye</subfield><subfield code="b">&lt;1890&gt;</subfield></datafield><datafield ind1="1" ind2="7" tag="246"><subfield code="a">Burlington daily hawk-eye</subfield><subfield code="b">&lt;1890&gt;</subfield></datafield><datafield ind1=" " ind2=" " tag="260"><subfield code="a">Burlington, Iowa :</subfield><subfield code="b">Hawk-eye Co.,</subfield><subfield code="c">1882-1933.</subfield></datafield><datafield ind1=" " ind2=" " tag="300"><subfield code="a">v.</subfield></datafield><datafield ind1=" " ind2=" " tag="310"><subfield code="a">Daily (except Monday)</subfield></datafield><datafield ind1="0" ind2=" " tag="362"><subfield code="a">Sept. 5, 1882-104th year, no. 17 (June 28, 1933).</subfield></datafield><datafield ind1=" " ind2=" " tag="500"><subfield code="a">Publishers: Hawkeye Co., &lt;Sept. 5, 1882&gt;-Apr. 30, 1903; Burlington Hawkeye Co., May 1, 1903-June 28, 1933.</subfield></datafield><datafield ind1=" " ind2=" " tag="500"><subfield code="a">"1830-1925 new home-historical edition" issued March 29, 1925.</subfield></datafield><datafield ind1=" " ind2="0" tag="651"><subfield code="a">Burlington (Iowa)</subfield><subfield code="v">Newspapers.</subfield></datafield><datafield ind1=" " ind2="7" tag="655"><subfield code="a">Newspapers.</subfield><subfield code="2">fast</subfield><subfield code="0">(OCoLC)fst01423814</subfield></datafield><datafield ind1=" " ind2="7" tag="651"><subfield code="a">Iowa</subfield><subfield code="z">Burlington.</subfield><subfield code="2">fast</subfield><subfield code="0">(OCoLC)fst01216205</subfield></datafield><datafield ind1=" " ind2=" " tag="752"><subfield code="a">United States</subfield><subfield code="b">Iowa</subfield><subfield code="c">Des Moines</subfield><subfield code="d">Burlington.</subfield></datafield><datafield ind1="0" ind2=" " tag="775"><subfield code="t">Burlington hawk-eye (Burlington, Iowa : 1876)</subfield><subfield code="w">(DLC)sn 85049909</subfield><subfield code="g">Sept. 7, 1882</subfield></datafield><datafield ind1="0" ind2=" " tag="775"><subfield code="t">Weekly hawk-eye (Burlington, Iowa : 1882)</subfield><subfield code="w">(DLC)sn 85049910</subfield><subfield code="g">1882-&lt;1885&gt;</subfield></datafield><datafield ind1="0" ind2=" " tag="775"><subfield code="t">Burlington hawk-eye (Burlington, Iowa : 1895)</subfield><subfield code="w">(DLC)sn 85049911</subfield><subfield code="g">&lt;1895-1905&gt;</subfield></datafield><datafield ind1="0" ind2="0" tag="780"><subfield code="t">Burlington daily hawk-eye (Burlington, Iowa : 1860)</subfield><subfield code="w">(DLC)sn 82014128</subfield></datafield><datafield ind1="0" ind2="7" tag="785"><subfield code="t">Burlington gazette (Burlington, Iowa : 1914)</subfield><subfield code="w">(DLC)sn 86060032</subfield></datafield><datafield ind1="0" ind2="7" tag="785"><subfield code="t">Daily hawk-eye gazette</subfield><subfield code="w">(DLC)sn 85049904</subfield></datafield></record>